@book{latex, 
  author = "晴彦, 奥村 and 裕介, 黒木",
  title = "LATEX2ε美文書作成入門",
  year = "2017",
  key = "DTP",
  edition = "改訂第7版",
  publisher = "技術評論社",
  ISSN/ISBN = "9784774187051 [4774187054]",
}